@MastersThesis{Joao:2010,
author = {João Paulo Jankowski Saboia},
title = {Variabilidade interdecadal de precipitação na América do Sul: Característica, impactos e mecanismos},
school = {Universidade Federal do Paraná},
year = {2010}
}